aa7030d1544403685698dd4c3df2a299