2b6372428f92d4f8158f413744065224