@Article{ahern2017registries,
  author       = {Ahern, S. and Hopper, I. and Evans, SM.},
  title        = {Clinical quality registries for clinician-level reporting: strengths and limitations},
  journal      = {Medical Journal of Australia},
  volume       = {206},
  number       = {10},
  pages        = {427-429},
  year         = {2017},
}

@Article{anderson2014numerical,
  author       = {Anderson, BL and Schulkin, J},
  title        = {Physicians’ understanding and use of numeric information},
  journal      = {Numerical Reasoning in Judgments and Decision Making about Health, Cambridge University Press, Cambridge},
  pages        = {59-79},
  year         = {2014},
}

@Article{price2014surveys,
  author       = {Anhang Price, Rebecca and Elliott, Marc N and Zaslavsky, Alan M and Hays, Ron D and Lehrman, William G and Rybowski, Lise and Edgman-Levitan, Susan and Cleary, Paul D},
  title        = {Examining the role of patient experience surveys in measuring health care quality},
  journal      = {Medical Care Research and Review},
  volume       = {71},
  number       = {5},
  pages        = {522-554},
  year         = {2014},
}

@TechReport{AIHW2015hospstats,
  author       = {AIHW},
  title        = {Admitted patient care 2013–14: Australian hospital statistics},
  institution  = {Australian Institute of Health and Welfare},
  url          = {http://www.aihw.gov.au/publication-detail/?id=60129550483},
  year         = {2015},
}

@TechReport{RN107,
  author       = {AIHW},
  title        = {Admitted patient care 2015–16: Australian hospital statistics},
  institution  = {Australian Institute of Health and Welfare},
  url          = {https://www.aihw.gov.au/getmedia/3e1d7d7e-26d9-44fb-8549-aa30ccff100a/20742.pdf.aspx?inline=true},
  year         = {2017},
}

@Article{RN45,
  author       = {Azzam, Diana G and Neo, C Adeline and Itotoh, Franca E and Aitken, R James},
  title        = {The Western Australian Audit of Surgical Mortality: outcomes from the first 10 years},
  journal      = {The Medical Journal of Australia},
  volume       = {199},
  number       = {8},
  pages        = {539-542},
  year         = {2013},
}

@Article{RN71,
  author       = {Basch, Ethan},
  title        = {New Frontiers in Patient-Reported Outcomes: Adverse Event Reporting, Comparative Effectiveness, and Quality Assessment},
  journal      = {Annual Review of Medicine},
  volume       = {65},
  number       = {1},
  pages        = {307-317},
  url          = {http://www.annualreviews.org/doi/abs/10.1146/annurev-med-010713-141500},
  year         = {2014},
}

@Article{RN65,
  author       = {Baumhauer, Judith F},
  title        = {Patient-Reported Outcomes—Are They Living Up to Their Potential?},
  journal      = {The New England Journal of Medicine},
  volume       = {377},
  number       = {1},
  pages        = {6-8},
  year         = {2017},
}

@Article{RN66,
  author       = {Baumhauer, Judith F and Bozic, Kevin J},
  title        = {Value-based healthcare: patient-reported outcomes in clinical decision making},
  journal      = {Clinical Orthopaedics and Related Research®},
  volume       = {474},
  number       = {6},
  pages        = {1375-1378},
  year         = {2016},
}

@Article{RN46,
  author       = {Beiles, C Barry and Retegan, Claudia and Maddern, Guy J},
  title        = {Victorian Audit of Surgical Mortality is associated with improved clinical outcomes},
  journal      = {ANZ Journal of Surgery},
  volume       = {85},
  number       = {11},
  pages        = {803-807},
  year         = {2015},
}

@Article{RN6,
  author       = {Bismark, Marie M and Studdert, David M},
  title        = {Governance of quality of care: a qualitative study of health service boards in Victoria, Australia},
  journal      = {BMJ Quality \& Safety},
  url          = {http://qualitysafety.bmj.com/content/early/2013/12/10/bmjqs-2013-002193.abstract},
  year         = {2013},
}

@Article{RN7,
  author       = {Bismark, Marie M. and Walter, Simon J. and Studdert, David M.},
  title        = {The role of boards in clinical governance: activities and attitudes among members of public health service boards in Victoria},
  journal      = {Australian Health Review},
  volume       = {37},
  number       = {5},
  pages        = {682-687},
  url          = {http://www.publish.csiro.au/paper/AH13125},
  year         = {2013},
}

@Article{RN101,
  author       = {Borchard, Annegret and Schwappach, David LB and Barbir, Aline and Bezzola, Paula},
  title        = {A systematic review of the effectiveness, compliance, and critical factors for implementation of safety checklists in surgery},
  journal      = {Annals of Surgery},
  volume       = {256},
  number       = {6},
  pages        = {925-933},
  year         = {2012},
}

@TechReport{RN77,
  author       = {{NSW BHI}},
  institution  = {Bureau of Health Information},
  title        = {Data Matters: linking data to unlock information},
  subtitle     = {The use of linked data in healthcare performance assessment},
  date         = {2015-11-01},
  url          = {http://www.bhi.nsw.gov.au/__data/assets/pdf_file/0003/290712/DataMatters.pdf},
}

@Article{RN31,
  author       = {Cadilhac, Dominique A and Kilkenny, Monique F and Levi, Christopher R and Lannin, Natasha A and Thrift, Amanda G and Kim, Joosup and Grabsch, Brenda and Churilov, Leonid and Dewey, Helen M and Hill, Kelvin},
  title        = {Risk-adjusted hospital mortality rates for stroke: evidence from the Australian Stroke Clinical Registry (AuSCR)},
  journal      = {The Medical Journal of Australia},
  volume       = {206},
  number       = {8},
  pages        = {345},
  year         = {2017},
}

@Article{RN24,
  author       = {Cantsilieris, Gayle and Jackson, Terri and Street, Annette},
  title        = {Patterns of first-coded complications in acute episodes of lung cancer care},
  journal      = {Health Information Management Journal},
  volume       = {35},
  number       = {1},
  pages        = {27-37},
  year         = {2006},
}

@Book{RN11,
  author       = {Carter, Neil and Day, Patricia and Klein, Rudolf},
  title        = {How organisations measure success: The use of performance indicators in government},
  publisher    = {Psychology Press},
  isbn         = {041511912X},
  year         = {1995},
}

@Article{RN96,
  author       = {Chassin, Mark R. and Loeb, Jerod M.},
  title        = {High-Reliability Health Care: Getting There from Here},
  journal      = {Milbank Quarterly},
  volume       = {91},
  number       = {3},
  pages        = {459-490},
  url          = {http://dx.doi.org/10.1111/1468-0009.12023},
  year         = {2013},
}

@Article{RN108,
  author       = {Cheng, Ping and Gilchrist, Annette and Robinson, Kerin M. and Paul, Lindsay},
  title        = {The Risk and Consequences of Clinical Miscoding Due to Inadequate Medical Documentation: A Case Study of the Impact on Health Services Funding},
  journal      = {Health Information Management Journal},
  volume       = {38},
  number       = {1},
  pages        = {35-46},
  url          = {http://journals.sagepub.com/doi/abs/10.1177/183335830903800105},
  year         = {2009},
}

@Article{RN99,
  author       = {Cobb, Justin P},
  title        = {Patient safety after partial and total knee replacement},
  journal      = {The Lancet},
  volume       = {384},
  number       = {9952},
  pages        = {1405-1407},
  year         = {2014},
}

@Article{RN109,
  author       = {Cunningham, Janet and Williamson, Dianne and Robinson, Kerin M. and Carroll, Rhonda and Buchanan, Ross and Paul, Lindsay},
  title        = {The Quality of Medical Record Documentation and External Cause of Fall Injury Coding in a Tertiary Teaching Hospital},
  journal      = {Health Information Management Journal},
  volume       = {43},
  number       = {1},
  pages        = {6-15},
  url          = {http://journals.sagepub.com/doi/abs/10.1177/183335831404300102},
  year         = {2014},
}

@Misc{RN36,
  author       = {{Danish National Health Agency}},
  title        = {Decree on approval of nationwide and regional clinical quality databases},
  url          = {https://www.retsinformation.dk/Forms/R0710.aspx?id=183351},
  year         = {2016},
}

@Article{RN97,
  author       = {Dixon-Woods, Mary and Martin, Graham P},
  title        = {Does quality improvement improve quality?},
  journal      = {Future Hospital Journal},
  volume       = {3},
  number       = {3},
  pages        = {191-194},
  url          = {http://futurehospital.rcpjournal.org/content/3/3/191.abstract},
  year         = {2016},
}

@Article{RN38,
  author       = {Dixon-Woods, Mary and Pronovost, Peter J},
  title        = {Patient safety and the problem of many hands},
  journal      = {BMJ Quality \& Safety},
  volume       = {25},
  number       = {7},
  pages        = {485-488},
  url          = {http://qualitysafety.bmj.com/content/25/7/485.short},
  year         = {2016},
}

@Article{RN48,
  author       = {Doyle, Cathal and Lennox, Laura and Bell, Derek},
  title        = {A systematic review of evidence on the links between patient experience and clinical safety and effectiveness},
  journal      = {BMJ Open},
  volume       = {3},
  number       = {1},
  pages        = {e001570},
  year         = {2013},
}

@Article{RN122,
  author       = {Duckett, Stephen},
  title        = {Routine data sets not shown to be useless},
  journal      = {British Medical Journal},
  volume       = {335},
  pages        = {759},
  year         = {2007},
}

@Article{RN22,
  author       = {Duckett, Stephen},
  title        = {Tracking devices with bar codes is a way to monitor their safety},
  journal      = {British Medical Journal},
  volume       = {346},
  pages        = {f3380},
  url          = {http://www.bmj.com/content/bmj/346/bmj.f3380.full.pdf},
  year         = {2013},
}

@Article{RN30,
  author       = {Dwyer, A and McNeil, J},
  title        = {Are clinical registries actually used?: The level of medical staff participation in clinical registries and reporting within a major tertiary teaching hospital},
  journal      = {Asia Pacific Journal of Health Management},
  volume       = {11},
  number       = {1},
  pages        = {56},
  year         = {2016},
}

@Article{RN33,
  author       = {Emilsson, L. and Lindahl, B. and Köster, M. and Lambe, M. and Ludvigsson, J. F.},
  title        = {Review of 103 Swedish Healthcare Quality Registries},
  journal      = {Journal of Internal Medicine},
  volume       = {277},
  number       = {1},
  pages        = {94-136},
  url          = {http://dx.doi.org/10.1111/joim.12303},
  year         = {2015},
}

@Article{RN29,
  author       = {Evans, S. M. and Scott, I. A. and Johnson, N. P. and Cameron, P. A. and McNeil, J. J.},
  title        = {Development of clinical-quality registries in Australia: the way forward},
  journal      = {The Medical Journal of Australia},
  volume       = {194},
  number       = {7},
  pages        = {360-3},
  year         = {2011},
}

@Article{RN80,
  author       = {Falster, Michael O and Jorm, Louisa R and Leyland, Alastair H},
  title        = {Visualising linked health data to explore health events around preventable hospitalisations in NSW Australia},
  journal      = {BMJ Open},
  volume       = {6},
  number       = {9},
  pages        = {e012031},
  year         = {2016},
}

@Article{RN16,
  author       = {Francombe, Helen and Buchan, Heather A. and Duggan, Anne},
  title        = {Health care variation: the next challenge for clinical colleges},
  journal      = {The Medical Journal of Australia},
  volume       = {207},
  number       = {7},
  pages        = {277-278},
  year         = {2017},
}

@Article{RN95,
  author       = {Frank, Lone},
  title        = {When an entire country is a cohort},
  journal      = {Science},
  volume       = {287},
  number       = {5462},
  pages        = {2398-2399},
  year         = {2000},
}

@Article{RN83,
  title        = {Designing visual aids that promote risk literacy: A systematic review of health research and evidence-based design heuristics},
  author       = {Garcia-Retamero, Rocio and Cokely, Edward T},
  journal      = {Human Factors},
  volume       = {59},
  number       = {4},
  pages        = {582--627},
  year         = {2017},
}

@Article{RN52,
  author       = {Greaves, Felix and Ramirez-Cano, Daniel and Millett, Christopher and Darzi, Ara and Donaldson, Liam},
  title        = {Harnessing the cloud of patient experience: using social media to detect poor quality healthcare},
  journal      = {BMJ Quality \& Safety},
  volume       = {22},
  number       = {3},
  pages        = {251-255},
  year         = {2013},
}

@Article{RN34,
  author       = {Green, Anders},
  title        = {Danish clinical databases: An overview},
  journal      = {Scandinavian Journal of Public Health},
  volume       = {39},
  number       = {7},
  pages        = {68-71},
  url          = {http://journals.sagepub.com/doi/abs/10.1177/1403494811402413},
  year         = {2011},
}

@Article{RN68,
  author       = {Greenhalgh, Joanne and Dalkin, Sonia and Gooding, Kate and Gibbons, Elizabeth and Wright, Judy and Meads, David and Black, Nick and Valderas, Jose Maria and Pawson, Ray},
  title        = {Functionality and feedback: a realist synthesis of the collation, interpretation and utilisation of patient-reported outcome measures data to improve patient care},
  journal      = {Health Services and Delivery Research},
  volume       = {5},
  number       = {2},
  year         = {2017},
}

@Article{RN14,
  author       = {Griffith, John R.},
  title        = {Is It Time to Abandon Hospital Accreditation?},
  journal      = {American Journal of Medical Quality},
  volume       = {1062860617707578},
  year         = {2017},
}

@Article{RN19,
  author       = {Hawley, Glenda and Jackson, Claire and Hepworth, Julie and Wilkinson, Shelley A.},
  title        = {Sharing of clinical data in a maternity setting: How do paper hand-held records and electronic health records compare for completeness?},
  journal      = {BMC Health Services Research},
  volume       = {14},
  number       = {650},
  url          = {https://doi.org/10.1186/s12913-014-0650-x},
  year         = {2014},
}

@Article{RN119,
  author       = {Hersh, William R. and Weiner, Mark G. and Embi, Peter J. and Logan, Judith R. and Payne, Philip R.O. and Bernstam, Elmer V. and Lehmann, Harold P. and Hripcsak, George and Hartzog, Timothy H. and Cimino, James J. and Saltz, Joel H.},
  title        = {Caveats for the Use of Operational Electronic Health Record Data in Comparative Effectiveness Research},
  journal      = {Medical Care},
  volume       = {51},
  pages        = {S30-S37},
  url          = {http://journals.lww.com/lww-medicalcare/Fulltext/2013/08001/Caveats_for_the_Use_of_Operational_Electronic.7.aspx},
  year         = {2013},
}


@Article{RN56,
  title        = {Patient safety's missing link: using clinical expertise to recognize, respond to and reduce risks at a population level},
  author       = {Hibbert, Peter D and Healey, Frances and Lamont, Tara and Marela, William M and Warner, Bruce and Runciman, William B},
  journal      = {International Journal for Quality in Health Care},
  volume       = {28},
  number       = {1},
  pages        = {114--121},
  year         = {2015},
}

@Article{RN17,
  author       = {Hoehn, R. S. and Wima, K. and Vestal, M. A. and et al.},
  title        = {Effect of hospital safety-net burden on cost and outcomes after surgery},
  journal      = {JAMA Surgery},
  volume       = {151},
  number       = {2},
  pages        = {120-128},
  url          = {http://dx.doi.org/10.1001/jamasurg.2015.3209},
  year         = {2016},
}

@Article{RN28,
  author       = {Hoque, Dewan Md Emdadul and Kumari, Varuni and Hoque, Masuma and Ruseckaite, Rasa and Romero, Lorena and Evans, Sue M.},
  title        = {Impact of clinical registries on quality of patient care and clinical outcomes: A systematic review},
  journal      = {PLOS ONE},
  volume       = {12},
  number       = {9},
  pages        = {e0183667},
  url          = {https://doi.org/10.1371/journal.pone.0183667},
  year         = {2017},
}

@Article{RN55,
  author       = {Howell, Ann-Marie and Burns, Elaine M and Hull, Louise and Mayer, Erik and Sevdalis, Nick and Darzi, Ara},
  title        = {International recommendations for national patient safety incident reporting systems: an expert Delphi consensus-building process},
  journal      = {BMJ Quality \& Safety},
  year         = {2016},
}

@Article{RN39,
  author       = {Ivers, Noah and Jamtvedt, Gro and Flottorp, Signe and Young, Jane M and Odgaard‐Jensen, Jan and French, Simon D and O'Brien, Mary Ann and Johansen, Marit and Grimshaw, Jeremy and Oxman, Andrew D},
  title        = {Audit and feedback: effects on professional practice and healthcare outcomes},
  journal      = {The Cochrane Library},
  year         = {2012},
}

@Article{RN41,
  author       = {Ivers, Noah and Sales, Anne and Colquhoun, Heather and Michie, Susan and Foy, Robbie and Francis, Jill J and Grimshaw, Jeremy M},
  title        = {No more ‘business as usual’ with audit and feedback interventions: towards an agenda for a reinvigorated intervention},
  journal      = {Implementation Science},
  volume       = {9},
  number       = {1},
  pages        = {14},
  year         = {2014},
}

@Article{RN23,
  author       = {Jackson, T. and Nghiem, H.S. and Rowell, D. and Jorm, C. and Wakefield, J.},
  title        = {Marginal costs of hospital-acquired conditions: information for priority-setting for patient safety programmes and research},
  journal      = {Journal of Health Services Research \& Policy},
  volume       = {16},
  number       = {3},
  pages        = {141-146},
  year         = {2011},
}

@Article{RN93,
  author       = {Johnston, Bradley C and Alonso-Coello, Pablo and Friedrich, Jan O and Mustafa, Reem A and Tikkinen, Kari AO and Neumann, Ignacio and Vandvik, Per O and Akl, Elie A and da Costa, Bruno R and Adhikari, Neill K},
  title        = {Do clinicians understand the size of treatment effects? A randomized survey across 8 countries},
  journal      = {Canadian Medical Association Journal},
  volume       = {188},
  number       = {1},
  pages        = {25-32},
  year         = {2016},
}

@Article{RN21,
  author       = {Keasberry, Justin and Scott, Ian A. and Sullivan, Clair and Staib, Andrew and Ashby, Richard},
  title        = {Going digital: a narrative overview of the clinical and organisational impacts of eHealth technologies in hospital practice},
  journal      = {Australian Health Review},
  year         = {2017},
  pubstate     = {inpress},
}

@Article{RN53,
  author       = {Kelly, Nicola and Blake, Simon and Plunkett, Adrian},
  title        = {Learning from excellence in healthcare: a new approach to incident reporting},
  journal      = {Archives of Disease in Childhood},
  year         = {2016},
}

@Article{RN82,
  author       = {Korda, Rosemary J and Du, Wei and Day, Cathy and Page, Karen and Macdonald, Peter S and Banks, Emily},
  title        = {Variation in readmission and mortality following hospitalisation with a diagnosis of heart failure: prospective cohort study using linked data},
  journal      = {BMC Health Services Research},
  volume       = {17},
  number       = {1},
  pages        = {220},
  year         = {2017},
}

@Article{RN8,
  author       = {Kruger, J. and Dunning, D.},
  title        = {Unskilled and unaware of it: how difficulties in recognizing one's own incompetence lead to inflated self-assessments},
  journal      = {Journal of Personality and Social Psychology},
  volume       = {77},
  number       = {6},
  pages        = {1121-34},
  year         = {1999},
}

@Article{RN86,
  author       = {Kurtzman, Ellen T and Greene, Jessica},
  title        = {Effective presentation of health care performance information for consumer decision making: A systematic review},
  journal      = {Patient Education and Counselling},
  volume       = {99},
  number       = {1},
  pages        = {36-43},
  year         = {2016},
}

@Article{RN27,
  author       = {Lam, Mary K and Innes, Kerry and Saad, Patricia and Rust, Julie and Dimitropoulos, Vera and Cumerlato, Megan},
  title        = {An Evaluation of the Quality of Obstetric Morbidity Coding Using an Objective Assessment Tool, the Performance Indicators for Coding Quality (PICQ)},
  journal      = {Health Information Management Journal},
  volume       = {37},
  number       = {2},
  pages        = {19-29},
  url          = {http://journals.sagepub.com/doi/abs/10.1177/183335830803700203},
  year         = {2008},
}

@Book{RN10,
  author       = {Langley, Gerald J.  and Moen, Ronald  and Nolan, Kevin M.  and Nolan, Thomas W.  and Norman, Clifford L.  and Provost, Lloyd P. },
  title        = {The Improvement Guide: A Practical Approach to Enhancing Organizational Performance},
  publisher    = {Jossey-Bass},
  address      = {San Francisco},
  edition      = {2nd},
  year         = {2009},
}

@Article{RN64,
  author       = {Lavallee, Danielle C and Chenok, Kate E and Love, Rebecca M and Petersen, Carolyn and Holve, Erin and Segal, Courtney D and Franklin, Patricia D},
  title        = {Incorporating patient-reported outcomes into health care to engage patients and enhance care},
  journal      = {Health Affairs},
  volume       = {35},
  number       = {4},
  pages        = {575-582},
  year         = {2016},
}

@Article{RN13,
  author       = {Leggat, Sandra G and Balding, Cathy},
  title        = {A qualitative study on the implementation of quality systems in Australian hospitals},
  journal      = {Health Services Management Research},
  pages        = {0951484817715594},
  year         = {2017},
}

@Article{RN37,
  author       = {Levay, Charlotta},
  title        = {Health Care Transparency in Organizational Perspective},
  journal      = {The Oxford Handbook of Health Care Management},
  pages        = {393},
  year         = {2016},
}

@Article{RN104,
  author       = {Lujic, S. and Watson, D. E. and Randall, D. A. and Simpson, J. M. and Jorm, L. R.},
  title        = {Variation in the recording of common health conditions in routine hospital data: study using linked survey and administrative data in New South Wales, Australia},
  journal      = {BMJ Open},
  volume       = {4},
  number       = {9},
  pages        = {e005768},
  year         = {2014},
}

@Article{RN32,
  author       = {Mainz, Jan and Kristensen, Solvejg and Bartels, Paul},
  title        = {Quality improvement and accountability in the Danish health care system},
  journal      = {International Journal for Quality in Health Care},
  volume       = {27},
  number       = {6},
  pages        = {523-527},
  url          = {http://dx.doi.org/10.1093/intqhc/mzv080},
  year         = {2015},
}

@Article{RN50,
  author       = {Manary, MP and Boulding, W and Staelin, R and SW., Glickman},
  title        = {The patient experience and health outcomes},
  journal      = {New England Journal of Medicine},
  volume       = {368},
  number       = {3},
  pages        = {201-3},
  year         = {2013},
}

@Misc{RN102,
  author       = {McDonald, Kathryn M and Romano, Patrick S and Geppert, Jeffrey and Davies, Sheryl M and Duncan, Bradford W and Shojania, Kaveh G and Hansen, Angela},
  title        = {Measures of patient safety based on hospital administrative data--the patient safety indicators},
  year         = {2002},
  note         = {Agency for Healthcare Research and Quality Technical Review},
}

@Article{RN2,
  author       = {McLean, J. and Walsh, M.K.},
  title        = {Lessons from the Inquiry into Obstetrics and Gynaecology Services at King Edward Memorial Hospital 1990-2000},
  journal      = {Australian Health Review},
  volume       = {26},
  number       = {1},
  pages        = {12-23},
  year         = {2003},
}

@Article{RN112,
  author       = {McNair, Peter D and Fang, Jade and Schwarzwaelder, Stephan and Jackson, Terri},
  title        = {Development and Implementation of ExPLORE Clinical Practice, a Web-accessible Comparative Outcomes Tool for California Hospitals and Physicians},
  journal      = {eGEMs},
  volume       = {3},
  number       = {1},
  year         = {2015},
}

@Article{RN105,
  author       = {Michel, J. L. and Cheng, D. and Jackson, T.},
  title        = {Comparing the coding of complications in Queensland and Victorian admitted patient data},
  journal      = {Australian Health Review},
  volume       = {35},
  number       = {3},
  pages        = {245-252},
  year         = {2011},
}

@Article{RN25,
  author       = {Moje, C. and Jackson, T. and McNair, P.},
  title        = {Adverse events in Victorian admissions for elective surgery},
  journal      = {Australian Health Review},
  volume       = {30},
  number       = {3},
  pages        = {333-343},
  year         = {2006},
}

@Article{RN88,
  author       = {Multmeier, Jan and Gaissmaier, Wolfgang and Wegwarth, Odette},
  title        = {Collective statistical illiteracy in health},
  journal      = {Numerical Reasoning in Judgments and Decision Making about Health},
  pages        = {39},
  year         = {2014},
}

@Article{RN100,
  author       = {Murray, DW and Liddle, AD and Dodd, CAF and Pandit, Hemant},
  title        = {Unicompartmental knee arthroplasty: is the glass half full or half empty?},
  journal      = {The Bone \& Joint Journal},
  volume       = {97},
  number       = {10 Supple A},
  pages        = {3},
  year         = {2015},
}

@Book{RN9,
  author       = {Nelson, Eugene C. and Batalden, Paul B. and Godfrey, Marjorie M.},
  title        = {Quality by design: a clinical microsystems approach},
  publisher    = {Center for the Evaluative Clinical Sciences at Dartmouth; Jossey-Bass/Wiley},
  address      = {San Francisco},
  isbn         = {9780787978983},
  year         = {2007},
}

@Article{RN110,
  author       = {Nicholls, SG and Langan, SM and Benchimol, EI},
  title        = {Routinely collected data: the importance of high-quality diagnostic coding to research},
  journal      = {Canadian Medical Association Journal},
  volume       = {189},
  number       = {33},
  year         = {2017},
}

@Article{RN89,
  author       = {Ocaña-Riola, Ricardo},
  title        = {The Use of Statistics in Health Sciences: Situation Analysis and Perspective},
  journal      = {Statistics in Biosciences},
  volume       = {8},
  number       = {2},
  pages        = {204-219},
  year         = {2016},
}

@Article{RN1,
  author       = {O'Malley, Kimberly J. and Cook, Karon F. and Price, Matt D. and Wildes, Kimberly Raiford and Hurdle, John F. and Ashton, Carol M.},
  title        = {Measuring Diagnoses: ICD Code Accuracy},
  journal      = {Health Services Research},
  volume       = {40},
  number       = {5p2},
  pages        = {1620-1639},
  url          = {http://dx.doi.org/10.1111/j.1475-6773.2005.00444.x},
  year         = {2005},
}

@Article{RN67,
  author       = {Papuga, M Owen and Beck, Christopher A and Kates, Stephen L and Schwarz, Edward M and Maloney, Michael D},
  title        = {Validation of GAITRite and PROMIS as high‐throughput physical function outcome measures following ACL reconstruction},
  journal      = {Journal of Orthopaedic Research},
  volume       = {32},
  number       = {6},
  pages        = {793-801},
  year         = {2014},
}

@Misc{RN120,
  author       = {{Pavilion Health}},
  title        = {PICQ(TM) Guide},
  url          = {http://pavilion-health.com/?page_id=123},
  year         = {2012},
}

@Article{RN20,
  author       = {Pearce, Christopher and Bainbridge, Michael},
  title        = {A personally controlled electronic health record for Australia},
  journal      = {Journal of the American Medical Informatics Association},
  volume       = {21},
  number       = {4},
  pages        = {707-713},
  url          = {http://dx.doi.org/10.1136/amiajnl-2013-002068},
  year         = {2014},
}

@Article{RN62,
  author       = {Peerally, Mohammad Farhad and Carr, Susan and Waring, Justin and Dixon-Woods, Mary},
  title        = {The problem with root cause analysis},
  journal      = {BMJ Qual Saf},
  volume       = {26},
  number       = {5},
  pages        = {417-422},
  year         = {2017},
}

@Article{RN84,
  author       = {Peters, Ellen},
  title        = {Anticipating barriers to the communication of critical information},
  journal      = {Numerical Reasoning in Judgments and Decision Making about Health},
  pages        = {175},
  year         = {2014},
}

@Article{RN85,
  author       = {Peters, Ellen and Klein, William and Kaufman, Annette and Meilleur, Louise and Dixon, Anna},
  title        = {More is not always better: intuitions about effective public policy can lead to unintended consequences},
  journal      = {Social Issues and Policy Review},
  volume       = {7},
  number       = {1},
  pages        = {114-148},
  year         = {2013},
}

@Article{RN91,
  author       = {Petrova, Dafina and Kostopoulou, Olga and Delaney, Brendan C and Cokely, Edward T and Garcia-Retamero, Rocio},
  title        = {Strengths and gaps in physicians’ risk communication: A scenario study of the influence of numeracy on cancer screening communication},
  journal      = {Medical Decision Making},
  pages        = {0272989X17729359},
  year         = {2017},
}

@Article{RN79,
  author       = {Price, Sylvie D and Holman, CD’Arcy J and Sanfilippo, Frank M and Emery, Jon D},
  title        = {Impact of specific Beers Criteria medications on associations between drug exposure and unplanned hospitalisation in elderly patients taking high-risk drugs: a case-time-control study in Western Australia},
  journal      = {Drugs \& Aging},
  volume       = {31},
  number       = {4},
  pages        = {311-325},
  year         = {2014},
}

@Article{RN87,
  author       = {Pross, Christoph and Averdunk, Lars-Henrik and Stjepanovic, Josip and Busse, Reinhard and Geissler, Alexander},
  title        = {Health care public reporting utilization–user clusters, web trails, and usage barriers on Germany’s public reporting portal Weisse-Liste. de},
  journal      = {BMC Medical Informatics and Decision Making},
  volume       = {17},
  number       = {1},
  pages        = {48},
  year         = {2017},
}

@TechReport{RN116,
  author       = {{QLD Health}},
  title        = {A review of the Condition Present on Admission (CPoA) variable},
  institution  = {Health Statistics Centre, Queensland Health},
  url          = {https://www.health.qld.gov.au/hsu/tech_report/techreport_10.pdf},
  year         = {2012},
}

@Article{RN44,
  author       = {Raju, R. S. and Guy, G. S. and Majid, A. J. and Babidge, W. and Maddern, G. J.},
  title        = {The Australian and New Zealand Audit of Surgical Mortality - Birth, Deaths, and Carriage},
  journal      = {Annals of Surgery},
  volume       = {261},
  number       = {2},
  pages        = {304-308},
  url          = {http://journals.lww.com/annalsofsurgery/Fulltext/2015/02000/The_Australian_and_New_Zealand_Audit_of_Surgical.15.aspx},
  year         = {2015},
}

@Article{RN12,
  author       = {Redley, Bernice and Raggatt, Michelle},
  title        = {Use of standard risk screening and assessment forms to prevent harm to older people in Australian hospitals: a mixed methods study},
  volume       = {26},
  number       = {9},
  pages        = {704--713},
  year         = {2017},
  url          = {http://qualitysafety.bmj.com/content/26/9/704},
  eprint       = {http://qualitysafety.bmj.com/content/26/9/704.full.pdf},
  journal      = {BMJ Quality \& Safety},
}

@TechReport{RN5,
  author       = {Review of Hospital Safety and Quality Assurance in Victoria},
  title        = {Targeting zero. Supporting the Victorian hospital system to eliminate avoidable harm and strengthen quality of care. Report of the Review of Hospital Safety and Quality Assurance in Victoria},
  institution  = {Victorian Government},
  url          = {https://www2.health.vic.gov.au/hospitals-and-health-services/quality-safety-service/hospital-safety-and-quality-review},
  year         = {2016},
}

@TechReport{RN54,
  author       = {Review of Hospital Safety and Quality Assurance in Victoria (Chair: Dr Stephen Duckett)},
  title        = {Targeting zero: Supporting the Victorian hospital system to eliminate avoidable harm and strengthen quality of care},
  institution  = {VIC Department of Health and Human Services},
  year         = {2016},
}

@Misc{RN76,
  year         = {2016},
}

@Article{RN106,
  author       = {Santos, Suong and Murphy, Gregory and Baxter, Kathryn and Robinson, Kerin M.},
  title        = {Organisational Factors Affecting the Quality of Hospital Clinical Coding},
  journal      = {Health Information Management Journal},
  volume       = {37},
  number       = {1},
  pages        = {25-37},
  url          = {http://journals.sagepub.com/doi/abs/10.1177/183335830803700103},
  year         = {2008},
}

@Article{RN35,
  author       = {Schmidt, M. and Schmidt, S. A. and Sandegaard, J. L. and Ehrenstein, V. and Pedersen, L. and Sørensen, H. T.},
  title        = {The Danish National Patient Registry: a review of content, data quality, and research potential},
  journal      = {Clinical Epidemiology},
  volume       = {7},
  pages        = {449-90},
  year         = {2015},
}

@Misc{RN113,
  month        = {27-29 May 2015},
  url          = {http://abfconference.com.au/cms/wp-content/uploads/2015/06/6-1330-Shepheard-L1-Fri.pdf},
  year         = {2015},
}

@PhDThesis{RN57,
  author       = {Singh, Karen J},
  title        = {Patient safety and the RCA: A document analysis},
  school       = {Queensland University of Technology},
  year         = {2015},
}

@Article{RN26,
  author       = {Southern, Danielle A and Burnand, Bernard and Droesler, Saskia E and Flemons, Ward and Forster, Alan J and Gurevich, Yana and Harrison, James and Quan, Hude and Pincus, Harold A and Romano, Patrick S},
  title        = {Deriving ICD-10 codes for patient safety indicators for large-scale surveillance using administrative hospital data},
  journal      = {Medical Care},
  volume       = {55},
  number       = {3},
  pages        = {252-260},
  year         = {2017},
}

@Article{RN117,
  author       = {Springate, David A. and Kontopantelis, Evangelos and Ashcroft, Darren M. and Olier, Ivan and Parisi, Rosa and Chamapiwa, Edmore and Reeves, David},
  title        = {ClinicalCodes: An Online Clinical Codes Repository to Improve the Validity and Reproducibility of Research Using Electronic Medical Records},
  journal      = {PLOS ONE},
  volume       = {9},
  number       = {6},
  pages        = {e99825},
  url          = {https://doi.org/10.1371/journal.pone.0099825},
  year         = {2014},
}

@Article{RN60,
  title        = {Learning from incidents in health care: Critique from a Safety-II perspective},
  author       = {Sujan, Mark and Huang, Huayi and Braithwaite, Jeffrey},
  journal      = {Safety science},
  volume       = {99},
  pages        = {115--121},
  year         = {2017},
}

@Article{RN63,
  author       = {Sujan, Mark and Pozzi, Simone and Valbonesi, Carlo},
  title        = {Reporting and learning: from extraordinary to ordinary},
  journal      = {Resilient Health Care, Volume 3: Reconciling Work-as-Imagined and Work-as-Done},
  pages        = {103},
  year         = {2016},
}

@Article{RN58,
  author       = {Taitz, Jonny and Genn, Kelvin and Brooks, Vanessa and Ross, Deborah and Ryan, Kathleen and Shumack, Bronwyn and Burrell, Tony and Kennedy, Peter},
  title        = {System-wide learning from root cause analysis: a report from the New South Wales Root Cause Analysis Review Committee},
  journal      = {Quality and Safety in Health Care},
  pages        = {qshc. 2008.032144},
  year         = {2010},
}

@Article{RN111,
  author       = {Tang, KL and Lucyk, K and Quan, H },
  title        = {Coder perspectives on physician-related barriers to producing high-quality administrative data: a qualitative study},
  journal      = {Canadian Medical Journal Open},
  volume       = {5},
  number       = {3},
  pages        = {E617-E622 },
  year         = {2017},
}

@Article{RN103,
  author       = {Teng, T. H. K. and Finn, J. and Hung, J. and Geelhoed, E. and Hobbs, M},
  title        = {A validation study: how effective is the Hospital Morbidity Data as a surveillance tool for heart failure in Western Australia?},
  journal      = {Australian and New Zealand Journal of Public Health},
  volume       = {32},
  number       = {5},
  pages        = {405-407},
  year         = {2008},
}

@Article{RN78,
  author       = {Tew, Michelle and Dalziel, Kim M. and Petrie, Dennis J. and Clarke, Philip M.},
  title        = {Growth of linked hospital data use in Australia: a systematic review},
  journal      = {Australian Health Review},
  volume       = {41},
  number       = {4},
  pages        = {394-400},
  url          = {http://www.publish.csiro.au/paper/AH16034},
  year         = {2017},
}

@TechReport{RN121,
  author       = {ACSQHC},
  title        = {Economic evaluation of clinical quality registries: Final report},
  institution  = {Australian Commission on Safety and Quality in Health Care},
  year         = {2016},
} 

@Misc{RN70,
  author       = {Thompson, Cristina J and Morris, Darcy and Sansoni, Janet E and Capell, Jacquelin T and Williams, Kate},
  title        = {Patient reported outcome measures: An environmental scan of the Australian health care sector},
  year         = {2016},
  note         = {Australian Health Services Research Institute, University of Wollongong},
}

@Article{RN81,
  author       = {Tran, Bich and Falster, Michael O and Girosi, Federico and Jorm, Louisa},
  title        = {Relationship between use of general practice and healthcare costs at the end of life: a data linkage study in New South Wales, Australia},
  journal      = {BMJ Open},
  volume       = {6},
  number       = {1},
  pages        = {e009410},
  year         = {2016},
}

@Article{RN51,
  author       = {Trzeciak, Stephen and Gaughan, John P and Bosire, Joshua and Mazzarelli, Anthony J},
  title        = {Association between Medicare summary star ratings for patient experience and clinical outcomes in US hospitals},
  journal      = {Journal of Patient Experience},
  volume       = {3},
  number       = {1},
  pages        = {6-9},
  year         = {2016},
}

@Article{RN4,
  author       = {van der Weyden, M.B.},
  title        = {The "Cam affair": an isolated incident or destined to be repeated?},
  journal      = {MJA},
  volume       = {180},
  number       = {3},
  pages        = {100-101},
  year         = {2004},
}

@Article{RN3,
  author       = {van der Weyden, M.B.},
  title        = {The Bundaberg Hospital scandal: the need for reform in Queensland and beyond},
  journal      = {MJA},
  volume       = {183},
  number       = {6},
  pages        = {284-285},
  year         = {2005},
}

@Article{RN73,
  author       = {Varagunam, Mira and Hutchings, Andrew and Black, Nick},
  title        = {Do patient-reported outcomes offer a more sensitive method for comparing the outcomes of consultants than mortality? A multilevel analysis of routine data},
  journal      = {BMJ Qual Saf},
  volume       = {24},
  number       = {3},
  pages        = {195-202},
  year         = {2015},
}

@Article{RN74,
  author       = {Varagunam, Mira and Hutchings, Andrew and Neuburger, Jenny and Black, Nick},
  title        = {Impact on hospital performance of introducing routine patient reported outcome measures in surgery},
  journal      = {Journal of Health Services Research \& Policy},
  pages        = {1355819613506187},
  year         = {2013},
}

@Article{RN75,
  author       = {Varagunam, Mira and Hutchings, Andrew and Neuburger, Jenny and Black, Nick},
  title        = {Impact on hospital performance of introducing routine patient reported outcome measures in surgery},
  journal      = {Journal of Health Services Research \& Policy},
  volume       = {19},
  number       = {2},
  pages        = {77-84},
  url          = {http://hsr.sagepub.com/content/19/2/77.abstract},
  year         = {2014},
}

@Article{RN98,
  author       = {Vertullo, Christopher J and Grimbeek, Peter M and Graves, Stephen E and Lewis, Peter L},
  title        = {Surgeon's Preference in Total Knee Replacement: A Quantitative Examination of Attributes, Reasons for Alteration, and Barriers to Change},
  journal      = {The Journal of Arthroplasty},
  year         = {2017},
}

@Article{RN43,
  author       = {Wacker, Johannes and Staender, Sven},
  title        = {The role of the anesthesiologist in perioperative patient safety},
  journal      = {Current Opinion in Anesthesiology},
  volume       = {27},
  number       = {6},
  pages        = {649-656},
  year         = {2014},
}

@Article{RN47,
  author       = {Walton, Merrilyn Margaret and Harrison, Reema and Kelly, Patrick and Smith-Merry, Jennifer and Manias, Elizabeth and Jorm, Christine and Iedema, Rick},
  title        = {Patients' reports of adverse events: a data linkage study of Australian adults aged 45 years and over},
  journal      = {BMJ Quality \& Safety},
  year         = {2017},
}

@InBook{RN92,
  author       = {Wegwarth, Odette and Gigerenzer, Gerd},
  title        = {The Barrier to Informed Choice in Cancer Screening: Statistical Illiteracy in Physicians and Patients},
  booktitle    = {Psycho-Oncology},
  publisher    = {Springer},
  pages        = {207-221},
  year         = {2018},
}

@Article{RN118,
  author       = {Weiskopf, Nicole Gray and Weng, Chunhua},
  title        = {Methods and dimensions of electronic health record data quality assessment: enabling reuse for clinical research},
  journal      = {Journal of the American Medical Informatics Association},
  volume       = {20},
  number       = {1},
  pages        = {144-151},
  url          = {http://dx.doi.org/10.1136/amiajnl-2011-000681},
  year         = {2013},
}

@Misc{RN69,
  author       = {Williams, Kate and Sansoni, Janet E and Morris, Darcy and Grootemaat, Pamela E and Thompson, Cristina J},
  title        = {Patient-reported outcome measures: Literature review},
  year         = {2016},
  note         = {Australian Health Services Research Institute, University of Wollongong Australia},
}

@Article{RN18,
  author       = {Woolhandler, S. and Himmelstein, D. U.},
  title        = {Collateral damage: Pay-for-performance initiatives and safety-net hospitals},
  journal      = {Annals of Internal Medicine},
  volume       = {163},
  number       = {6},
  pages        = {473-474},
  url          = {http://dx.doi.org/10.7326/M15-1393},
  year         = {2015},
}

@Book{duckett2016targeting,
  title        = {Targeting Zero: Supporting the Victorian Hospital System to Eliminate Avoidable Harm and Strengthen Quality of Care: Report of the Review of Hospital Safety and Quality Assurance in Victoria},
  author       = {Duckett, Stephen and Cuddihy, Maree and Newnham, Harvey},
  year         = {2016},
  publisher    = {Victorian Government},
}

@Article{richardson1998health,
  title        = {The health care financing debate},
  author       = {Richardson, Jeff},
  journal      = {Economics and Australian Health Policy},
  pages        = {192--213},
  year         = {1998},
}

@Article{jackson2009classification,
  title        = {A classification of hospital-acquired diagnoses for use with routine hospital data},
  author       = {Jackson, Terri and Michel, Jude L and Roberts, Rosemary F and Jorm, Christine M and Wakefield, John G},
  journal      = {The Medical Journal of Australia},
  volume       = {191},
  number       = {10},
  pages        = {544--548},
  year         = {2009},
}

@TechReport{mcnicol2014safety,
  title        = {Safety of anaesthesia: A review of anaesthesia-related mortality reporting in Australia and New Zealand 2009-2011},
  author       = {McNicol, Larry and David Pickford and Jennifer Bruce and Margaret Walker and Simon Jenkins and James Troup and Carmel McInerney and Leona Wilson and others},
  institution  = {Australian and New Zealand College of Anaesthetists},
  year         = {2014},
  url = {http://www.anzca.edu.au/documents/soa-mortality-report_p4.pdf},
}

@Article{ANS:ANS13804,
  author       = {Chen, Andrew and Retegan, Claudia and Vinluan, Jessele and Beiles, Charles Barry},
  title        = {Potentially preventable deaths in the Victorian Audit of Surgical Mortality},
  journal      = {ANZ Journal of Surgery},
  volume       = {87},
  number       = {1-2},
  url          = {http://dx.doi.org/10.1111/ans.13804},
  pages        = {17--21},
  keywords     = {clinical audit, fatal outcome, hospital mortality, Victoria},
  year         = {2017},
}

@Article{semmens2005western,
  title        = {The Western Australian audit of surgical mortality: advancing surgical accountability},
  author       = {Semmens, James B and Sanfilippo, Frank M and Mukhtar, S Aqif and Haynes, Natasha S and Mountain, Jenny A and Aitken, R James},
  journal      = {The Medical Journal of Australia},
  volume       = {183},
  number       = {10},
  pages        = {504--508},
  year         = {2005},
}

@Article{humphrey2016maternal,
  title        = {Maternal mortality trends in Australia},
  author       = {Humphrey, Michael D},
  journal      = {The Medical Journal of Australia},
  volume       = {205},
  number       = {8},
  pages        = {344--346},
  year         = {2016},
}

@Article{Ahlmark-etal-2014-Survey-nonresponse-among-ethnic-minorities,
  author       = {Ahlmark, Nanna and Algren, Maria and Holmberg, Teresa and Norredam, Marie and Jervelund, Signe and Benedikte Blom, Astrid and Bo, Anne and Juel, Knud},
  year         = {2014},
  month        = {11},
  pages        = {1-22},
  title        = {Survey nonresponse among ethnic minorities in a national health survey- A mixed-method study of participation, barriers, and potentials},
  volume       = {20},
  journal      = {Ethnicity \& health},
}

@Article{linden2013selective,
  title        = {A selective follow-up study on a public health survey},
  author       = {Lind\'{e}n-Bostr\"{o}m, Margareta and Persson, Carina},
  journal      = {The European Journal of Public Health},
  volume       = {23},
  number       = {1},
  pages        = {152--157},
  year         = {2013},
}

@TechReport{wa2007response,
  author       = {Rodne, Trudi and Daly, Alison},
  institution  = {WA Department of Health},
  title        = {Measuring Patient Satisfaction in Western Australia},
  subtitle     = {Overview of 2005-2006 Survey Results},
  date         = {2007-03-01},
  url          = {http://ww2.health.wa.gov.au/~/media/Files/Corporate/Reports%20and%20publications/Population%20surveys/2007-Measuring-Patient-Satisfaction-in-Western-Australia-Overview-2005-2006.ashx},
}

@TechReport{BHI2010insight,
  author       = {{NSW BHI}},
  institution  = {Bureau of Health Information},
  title        = {Insights into Care},
  subtitle     = {Patients’ Perspectives on NSW Public Hospitals},
  date         = {2010-05-01},
  url          = {http://www.bhi.nsw.gov.au/__data/assets/file/0006/168261/BHI-InsightsIntoCare-MainReport2010.pdf},
}

@Misc{deridder2017,
  author       = {{de Ridder}, Kay and Ratnanesan, Avnesh},
  title        = {Implementing a Real-Time Survey System and the 6E Framework: An Early Case Study on Improving Patient Experience},
  howpublished = {Presentation on 18 July},
  month        = {7},
  year         = {2017},
}

@Article{mitchell2016patient,
  title        = {Patient safety incident reporting: a qualitative study of thoughts and perceptions of experts 15 years after 'To Err is Human'.},
  author       = {Mitchell, I and Schuster, A and Smith, K and Pronovost, P and Wu, A},
  journal      = {BMJ Quality \& Safety},
  volume       = {25},
  number       = {2},
  pages        = {92--99},
  year         = {2016},
}

@InProceedings{daly2017,
  author       = {Daly, M and Willims, E and Brubakk, K and Barach, P and Tjomsland, O and Johnson, A and Hallahan, A},
  title        = {Much to learn: lessons from other industries for Healthcare Accreditation},
  booktitle = {Learning at the system level to improve healthcare quality and safety},
  location =  {London},
  month        = {10},
  year         = {2017},
}


@Article{trbovich2017root,
  author       = {Trbovich, Patricia and Shojania, Kaveh G},
  title        = {Root-cause analysis: swatting at mosquitoes versus draining the swamp},
  volume       = {26},
  number       = {5},
  pages        = {350--353},
  year         = {2017},
  url          = {http://qualitysafety.bmj.com/content/26/5/350},
  journal      = {BMJ Quality \& Safety},
}


@TechReport{basser2015patient,
  author       = {Basser, Mohammed R},
  institution  = {Health \& Social Care Information Centre},
  title        = {Patient Reported Outcome Measures (PROMs) outputs},
  subtitle     = {Improving health outcomes for patients undergoing knee replacement, hip replacement, varicose vein and groin hernia treatments},
  year         = {2015},
  url          = {http://content.digital.nhs.uk/media/16547/full-PROMs-benefits-case-study/pdf/promscasestudy.pdf},
}

@Article{partridge2016improving,
  title        = {Improving patient reported outcome measures (PROMs) in total knee replacement by changing implant and preserving the infrapatella fatpad: a quality improvement project},
  author       = {Partridge, Thomas and Carluke, Ian and Emmerson, Kevin and Partington, Paul and Reed, Mike},
  journal      = {BMJ Quality Improvement Reports},
  volume       = {5},
  number       = {1},
  pages        = {u204088--w3767},
  year         = {2016},
}

@Misc{sansoni2016health,
  title        = {Health outcomes: an overview from an Australian perspective},
  author       = {Sansoni, Janet E},
  year         = {2016},
  note         = {Australian Health Services Research Institute, University of Wollongong},
}

@TechReport{ABS-adultcompetency-2012, 
  author       = {ABS}, 
  title        = {Programme for the International Assessment of Adult Competencies, Australia, 2011-12}, 
  date         = {2013-10-09}, 
  institution  = {Australian Bureau of Statistics}, 
  note         = {Cat. 4228.0}, 
  url          = {http://abs.gov.au/ausstats/abs@.nsf/Lookup/4228.0Main+Features202011-12}, 
}

@Article{findlay2016consumers,
  title        = {Consumers’ interest in provider ratings grows, and improved report cards and other steps could accelerate their use},
  author       = {Findlay, Steven D},
  journal      = {Health Affairs},
  volume       = {35},
  number       = {4},
  pages        = {688--696},
  year         = {2016},
}

@TechReport{BHI2017maternity,
  author       = {{NSW BHI}},
  institution  = {Bureau of Health Information},
  title        = {Patient Perspectives},
  subtitle     = {Experiences of maternity care in NSW public hospitals, January to December 2015},
  date         = {2017-03-01},
  url          = {http://www.bhi.nsw.gov.au/__data/assets/pdf_file/0003/349518/report-patient-perspectives-experiences-of-maternity-care-in-NSW-public-hospitals.pdf},
}

@Misc{timmins2017tackling,
  title        = {Tackling variations in clinical care: assessing the Getting It Right First Time (GIRFT) programme},
  author       = {Timmins, N},
  year         = {2017},
  note         = {The King's Fund},
  url          = {https://www.kingsfund.org.uk/publications/tackling-variations-clinical-care},
}

@Article{sandager2016please,
  title        = {Please tick the appropriate box: Perspectives on patient reported experience},
  author       = {Sandager, Mette and Freil, Morten and Knudsen, Janne Lehmann},
  journal      = {Patient Experience Journal},
  volume       = {3},
  number       = {1},
  pages        = {63--79},
  year         = {2016},
}

@Article{lavela2014evaluation,
  title        = {Evaluation and measurement of patient experience},
  author       = {LaVela, Sherri L and Gallan, Andrew},
  year         = {2014},
  journal      = {Patient Experience Journal},
  volume       = {1},
  number       = {1},
  pages        = {28--36},
}

@Article{kjellsson2014forgetting,
  title        = {Forgetting to remember or remembering to forget: a study of the recall period length in health care survey questions},
  author       = {Kjellsson, Gustav and Clarke, Philip and Gerdtham, Ulf-G},
  journal      = {Journal of Health Economics},
  volume       = {35},
  pages        = {34--46},
  year         = {2014},
}

@Article{bjertnaes2012association,
  title        = {The association between survey timing and patient-reported experiences with hospitals: results of a national postal survey},
  author       = {Bjertnaes, Oyvind A},
  journal      = {BMC Medical Research Methodology},
  volume       = {12},
  number       = {1},
  pages        = {13},
  year         = {2012},
}

@Article{barron2014takes,
  title        = {It takes patience and persistence to get negative feedback about patients’ experiences: a secondary analysis of national inpatient survey data},
  author       = {Barron, David N and West, Elizabeth and Reeves, Rachel and Hawkes, Denise},
  journal      = {BMC Health Services Research},
  volume       = {14},
  number       = {1},
  pages        = {153},
  year         = {2014},
}

@TechReport{BHI2017varyread,
  author       = {{NSW BHI}},
  institution  = {Bureau of Health Information},
  title        = {Exploring clinical variation in readmission},
  subtitle     = {Return to acute care following discharge from hospital, eight clinical conditions, NSW, July 2012 – June 2015},
  date         = {2017-04-01},
  url          = {http://www.bhi.nsw.gov.au/__data/assets/pdf_file/0004/356530/report-insights_return-to-acute-care-following-hospitalisation-2017.pdf},
}

@TechReport{AOANJRR2017lay,
  author       = {AOANJRR},
  institution  = {Australian Orthopaedic Association National Joint Replacement Registry},
  title        = {Lay Summary Hip and Knee Replacement},
  subtitle     = {Supplementary Report 2017},
  date         = {2017-01-01},
  url          = {https://aoanjrr.sahmri.com/documents/10180/397736/Lay%20Summary%20Hip%20and%20Knee%20Replacement},
}

@Article{miake2013inpatient,
  title        = {Inpatient Fall Prevention Programs as a Patient Safety Strategy -- A Systematic Review},
  author       = {Miake-Lye, Isomi M and Hempel, Susanne and Ganz, David A and Shekelle, Paul G},
  journal      = {Annals of Internal Medicine},
  volume       = {158},
  number       = {5\_Part\_2},
  pages        = {390--396},
  year         = {2013},
}

@Misc{shepheard2015,
  author       = {Shepheard, J and Moore, V},
  title        = {Monitoring ABF quality through routine clinical coding audit programs},
  howpublished = {Presentation to 2015 Activity Based Funding Conference},
  year         = {2015},
}

@TechReport{VICDOH205,
  author       = {{VIC DOH}},
  title        = {Victorian statewide PICQ results - public hospitals Jan-June 2014},
  institution  = {Victorian Department of Health},
  year         = {2015},
  url          = {https://www2.health.vic.gov.au/about/publications/researchandreports/victorian-statewide-picq-results-public-hospitals-jan-june-2014},
}

@Article{abujudeh2014outpatient,
  title        = {Outpatient falls prevention program outcome: an increase, a plateau, and a decrease in incident reports},
  author       = {Abujudeh, Hani H and Aran, Shima and Besheli, Laleh Daftari and Miguel, Karen and Halpern, Elkan and Thrall, James H},
  journal      = {American Journal of Roentgenology},
  volume       = {203},
  number       = {3},
  pages        = {620--626},
  year         = {2014},
}

@Article{scott2006public,
  title        = {Public reporting of hospital outcomes based on administrative data: risks and opportunities},
  author       = {Scott, Ian A and Ward, Michael},
  journal      = {Medical Journal of Australia},
  volume       = {184},
  number       = {11},
  pages        = {571},
  year         = {2006},
}

@Article{ariyaratnam2015toward,
  title        = {Toward a standard approach to measurement and reporting of perioperative mortality rate as a global indicator for surgery},
  author       = {Ariyaratnam, Roshan and Palmqvist, Charlotta L and Hider, Phil and Laing, Grant L and Stupart, Douglas and Wilson, Leona and Clarke, Damian L and Hagander, Lars and Watters, David A and Gruen, Russell L},
  journal      = {Surgery},
  volume       = {158},
  number       = {1},
  pages        = {17--26},
  year         = {2015},
}

@Article{watters2015perioperative,
  title        = {Perioperative mortality rate (POMR): a global indicator of access to safe surgery and anaesthesia},
  author       = {Watters, David A and Hollands, Michael J and Gruen, Russell L and Maoate, Kiki and Perndt, Haydn and McDougall, Robert J and Morriss, Wayne W and Tangi, Viliami and Casey, Kathleen M and McQueen, Kelly A},
  journal      = {World Journal of Surgery},
  volume       = {39},
  number       = {4},
  pages        = {856--864},
  year         = {2015},
}

@TechReport{VASM2017,
  author       = {{Victorian Audit of Surgical Mortality}},
  institution  = {Royal Australasian College of Surgeons},
  title        = {Case Note Review Booklet},
  subtitle     = {Ninth Edition - April 2017},
  date         = {2017-04-01},
  url          = {https://www.surgeons.org/media/25166675/2017-04-11_rpt_vasm_case_note_review_booklet_v9.pdf},
}

@TechReport{QASM2017,
  author       = {{Queensland Audit of Surgical Mortality}},
  institution  = {Royal Australasian College of Surgeons},
  title        = {Report 2007-2016},
  date         = {2017-01-01},
  url          = {https://www.surgeons.org/media/25391630/QASM_2007-2016_Report_web-3-.pdf},
}

@TechReport{VASM2012,
  author       = {{Victorian Audit of Surgical Mortality}},
  institution  = {Royal Australasian College of Surgeons},
  title        = {Case Note Review Booklet},
  subtitle     = {Fourth Edition - November 2012},
  date         = {2012-11-01},
  url          = {https://www.surgeons.org/media/18806797/rpt_2012-12-12_vasm_cnrb_v4_final.pdf},
}

@TechReport{VASM2014,
  author       = {{Victorian Audit of Surgical Mortality}},
  institution  = {Royal Australasian College of Surgeons},
  title        = {Case Note Review Booklet},
  subtitle     = {Sixth Edition - June 2014},
  date         = {2014-06-01},
  url          = {https://www.surgeons.org/media/20815161/rpt_2014-05-20_vasm_cnrb_v6.pdf},
}

@Article{vickery2017deaths,
  author       = {Vickery, K and Miles, J}, 
  title        = {Queensland surgery deaths audit offers rare glimpse into medical mistakes},
  journal      = {Courier-Mail},
  year         = {2017},
  note         = {17 June}, 
}

@Misc{harris2017data,
  author       = {Harris, Peter},
  title        = {Data – The thing that ties it all together},
  howpublished = {Speech to the Committee for Economic Development of Australia (CEDA), 22 March, Melbourne},
  month        = {3},
  year         = {2017},
  url          = {http://www.pc.gov.au/news-media/speeches/data/20170322-data.pdf},
}

@Article{ou2014trends,
  title        = {Trends and variations in the rates of hospital complications, failure-to-rescue and 30-day mortality in surgical patients in New South Wales, Australia, 2002-2009},
  author       = {Ou, Lixin and Chen, Jack and Assareh, Hassan and Hollis, Stephanie J and Hillman, Ken and Flabouris, Arthas},
  journal      = {PloS one},
  doi = {10.1371/journal.pone.0096164},
  volume       = {9},
  number       = {5},
  year         = {2014},
}

@InCollection{evans1990dog,
  title        = {The dog in the night-time: medical practice variations and health policy},
  author       = {Evans, Robert G},
  editor = {Andersen, Tavs Folmer and Mooney, Gavin},
  booktitle    = {The challenges of medical practice variations},
  pages        = {117--152},
  year         = {1990},
  url = {https://doi.org/10.1007/978-1-349-20781-7_7},
}

@Article{kyte2016reflections,
  title        = {Reflections on the national patient-reported outcome measures (PROMs) programme: Where do we go from here?},
  author       = {Kyte, Derek and Cockwell, Paul and Lencioni, Mauro and Skrybant, Magdalena and Hildebrand, Maria von and Price, Gary and Squire, Katie and Webb, Shena and Brookes, Olivia and Fanning, Hilary and others},
  journal      = {Journal of the Royal Society of Medicine},
  volume       = {109},
  number       = {12},
  pages        = {441--445},
  year         = {2016},
}

@Article{trentino2013measuring,
  title        = {Measuring the incidence of hospital-acquired complications and their effect on length of stay using CHADx},
  author       = {Trentino, Kevin M and Swain, Stuart G and Burrows, Sally A and Sprivulis, Peter C and Daly, Frank FS},
  journal      = {Med J Aust},
  volume       = {199},
  number       = {8},
  pages        = {543--7},
  year         = {2013},
}

@Article{devlin2010patient,
  title        = {Patient-reported outcome measures in the NHS: new methods for analysing and reporting EQ-5D data},
  author       = {Devlin, Nancy J and Parkin, David and Browne, John},
  journal      = {Health Economics},
  volume       = {19},
  number       = {8},
  pages        = {886--905},
  year         = {2010},
}
